<record><leader>00000cas a22000007a 4500</leader><controlfield tag="001">9314716</controlfield><controlfield tag="008">830316d18721979mauwr ne      0    0eng d</controlfield><controlfield tag="009">3768</controlfield><datafield ind1=" " ind2=" " tag="010"><subfield code="a">sn 83020276 </subfield></datafield><datafield ind1=" " ind2=" " tag="040"><subfield code="a">NPX</subfield><subfield code="b">eng</subfield><subfield code="c">NPX</subfield><subfield code="d">NPU</subfield><subfield code="d">DLC</subfield><subfield code="d">MGN</subfield><subfield code="d">DLC</subfield><subfield code="d">OCLCF</subfield></datafield><datafield ind1="1" ind2=" " tag="029"><subfield code="a">AU@</subfield><subfield code="b">000025789697</subfield></datafield><datafield ind1=" " ind2=" " tag="042"><subfield code="a">msc</subfield></datafield><datafield ind1=" " ind2=" " tag="043"><subfield code="a">n-us-ma</subfield></datafield><datafield ind1="0" ind2="0" tag="050"><subfield code="a">Newspaper</subfield></datafield><datafield ind1="0" ind2="0" tag="245"><subfield code="a">Marblehead messenger.</subfield></datafield><datafield ind1=" " ind2=" " tag="260"><subfield code="a">Marblehead, Mass. :</subfield><subfield code="b">Hart &amp; Trask</subfield></datafield><datafield ind1=" " ind2=" " tag="300"><subfield code="a">v.</subfield></datafield><datafield ind1=" " ind2=" " tag="310"><subfield code="a">Weekly</subfield></datafield><datafield ind1="0" ind2=" " tag="362"><subfield code="a">Vol. 1, no. 1 (Jan. 6, 1872)-</subfield></datafield><datafield ind1="1" ind2=" " tag="362"><subfield code="a">Ceased July 25, 1979?</subfield></datafield><datafield ind1=" " ind2=" " tag="500"><subfield code="a">Prospectus issued Dec. 20, 1871.</subfield></datafield><datafield ind1=" " ind2="0" tag="651"><subfield code="a">Marblehead (Mass.)</subfield><subfield code="v">Newspapers.</subfield></datafield><datafield ind1=" " ind2="7" tag="655"><subfield code="a">Newspapers.</subfield><subfield code="2">fast</subfield><subfield code="0">(OCoLC)fst01423814</subfield></datafield><datafield ind1=" " ind2="7" tag="651"><subfield code="a">Massachusetts</subfield><subfield code="z">Marblehead.</subfield><subfield code="2">fast</subfield><subfield code="0">(OCoLC)fst01204467</subfield></datafield><datafield ind1=" " ind2=" " tag="752"><subfield code="a">United States</subfield><subfield code="b">Massachusetts</subfield><subfield code="c">Essex</subfield><subfield code="d">Marblehead.</subfield></datafield><datafield ind1="0" ind2="7" tag="785"><subfield code="t">Marblehead reporter (Marblehead, Mass. : 1979)</subfield><subfield code="w">(DLC)sn 89062393</subfield><subfield code="w">(OCoLC)21999294</subfield></datafield><datafield ind1="0" ind2="7" tag="785"><subfield code="t">Marblehead reporter and the Marblehead messenger</subfield><subfield code="w">(DLC)sn 89062394</subfield><subfield code="w">(OCoLC)21999286</subfield></datafield></record>